{"symbol": "AMZN", "price": 2545.02, "beta": "1.516863", "volAvg": "5463009", "mktCap": "1.26939496E12", "lastDiv": "0", "range": "1626.03-2722.35", "changes": -12.94, "changesPercentage": "(-0.51%)", "companyName": "Amazon.com Inc.", "exchange": "Nasdaq Global Select", "exchangeShortName": "NASDAQ", "industry": "Online Media", "website": "http://www.amazon.com", "description": "Amazon.com Inc is an online retailer. The Company sells its products through the website which provides services, such as advertising services and co-branded credit card agreements. It also offers electronic devices like Kindle e-readers and Fire tablets.", "ceo": "Jeffrey P. Bezos", "sector": "Technology", "image": "https://financialmodelingprep.com/images-New-jpg/AMZN.jpg", "income_statement": {"2019": {"date": "2019-12-31", "symbol": "AMZN", "fillingDate": "2020-01-31", "acceptedDate": "2020-01-30 20:46:13", "period": "FY", "revenue": 280522000000, "costOfRevenue": 165536000000, "grossProfit": 114986000000, "grossProfitRatio": 0.409900114786, "researchAndDevelopmentExpenses": 35931000000, "generalAndAdministrativeExpenses": 5203000000, "sellingAndMarketingExpenses": 18878000, "otherExpenses": 59311000000, "operatingExpenses": 100445000000, "costAndExpenses": 265981000000, "interestExpense": 1600000000, "depreciationAndAmortization": 21789000000, "ebitda": 36330000000, "ebitdaratio": 0.129508559043, "operatingIncome": 14541000000, "operatingIncomeRatio": 0.0518355066626, "totalOtherIncomeExpensesNet": -565000000, "incomeBeforeTax": 13976000000, "incomeBeforeTaxRatio": 0.0498214043818, "incomeTaxExpense": 2374000000, "netIncome": 11588000000, "netIncomeRatio": 0.0413087030607, "eps": 23.46, "epsdiluted": 23.01, "weightedAverageShsOut": 494000000, "weightedAverageShsOutDil": 504000000, "link": "https://www.sec.gov/Archives/edgar/data/1018724/000101872420000004/0001018724-20-000004-index.htm", "finalLink": "https://www.sec.gov/Archives/edgar/data/1018724/000101872420000004/amzn-20191231x10k.htm"}, "2018": {"date": "2018-12-31", "symbol": "AMZN", "fillingDate": "2019-02-01", "acceptedDate": "2019-01-31 20:22:40", "period": "FY", "revenue": 232887000000, "costOfRevenue": 139156000000, "grossProfit": 93731000000, "grossProfitRatio": 0.402474161289, "researchAndDevelopmentExpenses": 28837000000, "generalAndAdministrativeExpenses": 4336000000, "sellingAndMarketingExpenses": 13814000000, "otherExpenses": 48137000000, "operatingExpenses": 81310000000, "costAndExpenses": 220466000000, "interestExpense": 1417000000, "depreciationAndAmortization": 15341000000, "ebitda": 27762000000, "ebitdaratio": 0.119208027928, "operatingIncome": 12421000000, "operatingIncomeRatio": 0.0533348791474, "totalOtherIncomeExpensesNet": -1160000000, "incomeBeforeTax": 11261000000, "incomeBeforeTaxRatio": 0.0483539227179, "incomeTaxExpense": 1197000000, "netIncome": 10073000000, "netIncomeRatio": 0.0432527363056, "eps": 20.68, "epsdiluted": 20.14, "weightedAverageShsOut": 487000000, "weightedAverageShsOutDil": 500000000, "link": "https://www.sec.gov/Archives/edgar/data/1018724/000101872419000004/0001018724-19-000004-index.htm", "finalLink": "https://www.sec.gov/Archives/edgar/data/1018724/000101872419000004/amzn-20181231x10k.htm"}, "2017": {"date": "2017-12-31", "symbol": "AMZN", "fillingDate": "2018-02-02", "acceptedDate": "2018-02-01 20:41:15", "period": "FY", "revenue": 177866000000, "costOfRevenue": 111934000000, "grossProfit": 65932000000, "grossProfitRatio": 0.370683548289, "researchAndDevelopmentExpenses": 22620000000, "generalAndAdministrativeExpenses": 3674000000, "sellingAndMarketingExpenses": 10069000000, "otherExpenses": 35532000000, "operatingExpenses": 61826000000, "costAndExpenses": 173760000000, "interestExpense": 848000000, "depreciationAndAmortization": 11478000000, "ebitda": 15584000000, "ebitdaratio": 0.0876165203018, "operatingIncome": 4106000000, "operatingIncomeRatio": 0.0230847941709, "totalOtherIncomeExpensesNet": -300000000, "incomeBeforeTax": 3806000000, "incomeBeforeTaxRatio": 0.0213981311774, "incomeTaxExpense": 769000000, "netIncome": 3033000000, "netIncomeRatio": 0.0170521628642, "eps": 6.32, "epsdiluted": 6.15, "weightedAverageShsOut": 480000000, "weightedAverageShsOutDil": 493000000, "link": "https://www.sec.gov/Archives/edgar/data/1018724/000101872418000005/0001018724-18-000005-index.htm", "finalLink": "https://www.sec.gov/Archives/edgar/data/1018724/000101872418000005/amzn-20171231x10k.htm"}, "2016": {"date": "2016-12-31", "symbol": "AMZN", "fillingDate": "2017-02-10", "acceptedDate": "2017-02-09 17:56:36", "period": "FY", "revenue": 135987000000, "costOfRevenue": 88265000000, "grossProfit": 47722000000, "grossProfitRatio": 0.350930603661, "researchAndDevelopmentExpenses": 16085000000, "generalAndAdministrativeExpenses": 2432000000, "sellingAndMarketingExpenses": 7233000000, "otherExpenses": 25019000000, "operatingExpenses": 43536000000, "costAndExpenses": 131801000000, "interestExpense": 484000000, "depreciationAndAmortization": 8116000000, "ebitda": 12302000000, "ebitdaratio": 0.0904645296977, "operatingIncome": 4186000000, "operatingIncomeRatio": 0.0307823541956, "totalOtherIncomeExpensesNet": -294000000, "incomeBeforeTax": 3892000000, "incomeBeforeTaxRatio": 0.0286203828307, "incomeTaxExpense": 1425000000, "netIncome": 2371000000, "netIncomeRatio": 0.0174354901571, "eps": 5.01, "epsdiluted": 4.9, "weightedAverageShsOut": 474000000, "weightedAverageShsOutDil": 484000000, "link": "https://www.sec.gov/Archives/edgar/data/1018724/000101872417000011/0001018724-17-000011-index.htm", "finalLink": "https://www.sec.gov/Archives/edgar/data/1018724/000101872417000011/amzn-20161231x10k.htm"}, "2015": {"date": "2015-12-31", "symbol": "AMZN", "fillingDate": "2016-01-29", "acceptedDate": "2016-01-28 19:38:11", "period": "FY", "revenue": 107006000000, "costOfRevenue": 71651000000, "grossProfit": 35355000000, "grossProfitRatio": 0.330402033531, "researchAndDevelopmentExpenses": 12540000000, "generalAndAdministrativeExpenses": 1747000000, "sellingAndMarketingExpenses": 190000000, "otherExpenses": 21246000000, "operatingExpenses": 35723000000, "costAndExpenses": 104773000000, "interestExpense": 459000000, "depreciationAndAmortization": 6281000000, "ebitda": 8514000000, "ebitdaratio": 0.0795656318337, "operatingIncome": 2233000000, "operatingIncomeRatio": 0.0208679887109, "totalOtherIncomeExpensesNet": -665000000, "incomeBeforeTax": 1568000000, "incomeBeforeTaxRatio": 0.0146533839224, "incomeTaxExpense": 950000000, "netIncome": 596000000, "netIncomeRatio": 0.00556978113377, "eps": 1.28, "epsdiluted": 1.25, "weightedAverageShsOut": 467000000, "weightedAverageShsOutDil": 477000000, "link": "https://www.sec.gov/Archives/edgar/data/1018724/000101872416000172/0001018724-16-000172-index.htm", "finalLink": "https://www.sec.gov/Archives/edgar/data/1018724/000101872416000172/amzn-20151231x10k.htm"}, "2014": {"date": "2014-12-31", "symbol": "AMZN", "fillingDate": "2015-01-30", "acceptedDate": "2015-01-29 19:38:08", "period": "FY", "revenue": 88988000000, "costOfRevenue": 62752000000, "grossProfit": 26236000000, "grossProfitRatio": 0.29482626871, "researchAndDevelopmentExpenses": 9275000000, "generalAndAdministrativeExpenses": 1552000000, "sellingAndMarketingExpenses": 125000000, "otherExpenses": 16978000000, "operatingExpenses": 27930000000, "costAndExpenses": 88810000000, "interestExpense": 210000000, "depreciationAndAmortization": 4746000000, "ebitda": 4924000000, "ebitdaratio": 0.0553333033667, "operatingIncome": 178000000, "operatingIncomeRatio": 0.00200026969929, "totalOtherIncomeExpensesNet": -289000000, "incomeBeforeTax": -111000000, "incomeBeforeTaxRatio": -0.0012473591945, "incomeTaxExpense": 167000000, "netIncome": -241000000, "netIncomeRatio": -0.00270823032319, "eps": -0.52, "epsdiluted": -0.52, "weightedAverageShsOut": 462000000, "weightedAverageShsOutDil": 462000000, "link": "https://www.sec.gov/Archives/edgar/data/1018724/000101872415000006/0001018724-15-000006-index.htm", "finalLink": "https://www.sec.gov/Archives/edgar/data/1018724/000101872415000006/amzn-20141231x10k.htm"}, "2013": {"date": "2013-12-31", "symbol": "AMZN", "fillingDate": "2014-01-31", "acceptedDate": "2014-01-30 21:52:38", "period": "FY", "revenue": 74452000000, "costOfRevenue": 54181000000, "grossProfit": 20271000000, "grossProfitRatio": 0.272269381615, "researchAndDevelopmentExpenses": 6565000000, "generalAndAdministrativeExpenses": 1129000000, "sellingAndMarketingExpenses": 88000000, "otherExpenses": 13172000000, "operatingExpenses": 20954000000, "costAndExpenses": 73707000000, "interestExpense": 141000000, "depreciationAndAmortization": 3253000000, "ebitda": 3998000000, "ebitdaratio": 0.0536990275614, "operatingIncome": 745000000, "operatingIncomeRatio": 0.0100064471069, "totalOtherIncomeExpensesNet": -239000000, "incomeBeforeTax": 506000000, "incomeBeforeTaxRatio": 0.00679632514909, "incomeTaxExpense": 161000000, "netIncome": 274000000, "netIncomeRatio": 0.0036802234997, "eps": 0.6, "epsdiluted": 0.59, "weightedAverageShsOut": 457000000, "weightedAverageShsOutDil": 465000000, "link": "https://www.sec.gov/Archives/edgar/data/1018724/000101872414000006/0001018724-14-000006-index.htm", "finalLink": "https://www.sec.gov/Archives/edgar/data/1018724/000101872414000006/amzn-20131231x10k.htm"}, "2012": {"date": "2012-12-31", "symbol": "AMZN", "fillingDate": "2013-01-30", "acceptedDate": "2013-01-29 19:13:32", "period": "FY", "revenue": 61093000000, "costOfRevenue": 45971000000, "grossProfit": 15122000000, "grossProfitRatio": 0.247524266283, "researchAndDevelopmentExpenses": 4564000000, "generalAndAdministrativeExpenses": 896000000, "sellingAndMarketingExpenses": 2408000000, "otherExpenses": 9880000000, "operatingExpenses": 15340000000, "costAndExpenses": 60417000000, "interestExpense": 92000000, "depreciationAndAmortization": 3680000000, "ebitda": 4356000000, "ebitdaratio": 0.0713011310625, "operatingIncome": 676000000, "operatingIncomeRatio": 0.0110650974743, "totalOtherIncomeExpensesNet": -132000000, "incomeBeforeTax": 544000000, "incomeBeforeTaxRatio": 0.00890445713912, "incomeTaxExpense": 428000000, "netIncome": -39000000, "netIncomeRatio": -0.000638371008135, "eps": -0.09, "epsdiluted": -0.09, "weightedAverageShsOut": 453000000, "weightedAverageShsOutDil": 453000000, "link": "https://www.sec.gov/Archives/edgar/data/1018724/000119312513028520/0001193125-13-028520-index.htm", "finalLink": "https://www.sec.gov/Archives/edgar/data/1018724/000119312513028520/d445434d10k.htm"}, "2011": {"date": "2011-12-31", "symbol": "AMZN", "fillingDate": "2012-02-01", "acceptedDate": "2012-01-31 21:58:32", "period": "FY", "revenue": 48077000000, "costOfRevenue": 37288000000, "grossProfit": 10789000000, "grossProfitRatio": 0.224410840943, "researchAndDevelopmentExpenses": 2909000000, "generalAndAdministrativeExpenses": 658000000, "sellingAndMarketingExpenses": 1630000000, "otherExpenses": 7010000000, "operatingExpenses": 10577000000, "costAndExpenses": 47215000000, "interestExpense": 65000000, "depreciationAndAmortization": 2104000000, "ebitda": 2966000000, "ebitdaratio": 0.0616927012917, "operatingIncome": 862000000, "operatingIncomeRatio": 0.0179295713127, "totalOtherIncomeExpensesNet": 72000000, "incomeBeforeTax": 934000000, "incomeBeforeTaxRatio": 0.0194271689165, "incomeTaxExpense": 291000000, "netIncome": 631000000, "netIncomeRatio": 0.0131247790004, "eps": 1.39, "epsdiluted": 1.37, "weightedAverageShsOut": 453000000, "weightedAverageShsOutDil": 461000000, "link": "https://www.sec.gov/Archives/edgar/data/1018724/000119312512032846/0001193125-12-032846-index.htm", "finalLink": "https://www.sec.gov/Archives/edgar/data/1018724/000119312512032846/d269317d10k.htm"}, "2010": {"date": "2010-12-31", "symbol": "AMZN", "fillingDate": "2011-01-28", "acceptedDate": "2011-01-27 20:08:28", "period": "FY", "revenue": 34204000000, "costOfRevenue": 26561000000, "grossProfit": 7643000000, "grossProfitRatio": 0.223453397263, "researchAndDevelopmentExpenses": 1734000000, "generalAndAdministrativeExpenses": 470000000, "sellingAndMarketingExpenses": 1029000000, "otherExpenses": 4245000000, "operatingExpenses": 6449000000, "costAndExpenses": 32798000000, "interestExpense": 39000000, "depreciationAndAmortization": 1473000000, "ebitda": 2879000000, "ebitdaratio": 0.0841714419366, "operatingIncome": 1406000000, "operatingIncomeRatio": 0.0411063033563, "totalOtherIncomeExpensesNet": 91000000, "incomeBeforeTax": 1497000000, "incomeBeforeTaxRatio": 0.0437668108993, "incomeTaxExpense": 352000000, "netIncome": 1152000000, "netIncomeRatio": 0.0336802713133, "eps": 2.58, "epsdiluted": 2.53, "weightedAverageShsOut": 447000000, "weightedAverageShsOutDil": 456000000, "link": "https://www.sec.gov/Archives/edgar/data/1018724/000119312511016253/0001193125-11-016253-index.htm", "finalLink": "https://www.sec.gov/Archives/edgar/data/1018724/000119312511016253/d10k.htm"}, "2009": {"date": "2009-12-31", "symbol": "AMZN", "fillingDate": "2010-01-29", "acceptedDate": "2010-01-28 21:42:22", "period": "FY", "revenue": 24509000000, "costOfRevenue": 18978000000, "grossProfit": 5531000000, "grossProfitRatio": 0.2256722020482272, "researchAndDevelopmentExpenses": 0.0, "generalAndAdministrativeExpenses": 328000000, "sellingAndMarketingExpenses": 680000000, "otherExpenses": 3394000000, "operatingExpenses": 4402000000, "costAndExpenses": 23380000000, "interestExpense": 34000000, "depreciationAndAmortization": 378000000, "ebitda": 480000000, "ebitdaratio": 0.01958464237626994, "operatingIncome": 102000000, "operatingIncomeRatio": 0.0041617365049573625, "totalOtherIncomeExpensesNet": 102000000, "incomeBeforeTax": 1161000000, "incomeBeforeTaxRatio": 0.04737035374760292, "incomeTaxExpense": -253000000, "netIncome": 902000000, "netIncomeRatio": 0.036802807132073935, "eps": 2.08, "epsdiluted": 2.08, "weightedAverageShsOut": 433000000, "weightedAverageShsOutDil": 442000000, "link": "https://www.sec.gov/Archives/edgar/data/1018724/000119312510016098/0001193125-10-016098-index.htm", "finalLink": "https://www.sec.gov/Archives/edgar/data/1018724/000119312510016098/d10k.htm"}, "2008": {"date": "2008-12-31", "symbol": "AMZN", "fillingDate": "2009-01-30", "acceptedDate": "2009-01-29 18:48:15", "period": "FY", "revenue": 19166000000, "costOfRevenue": 14896000000, "grossProfit": 4270000000, "grossProfitRatio": 0.22279035792549307, "researchAndDevelopmentExpenses": 0.0, "generalAndAdministrativeExpenses": 279000000, "sellingAndMarketingExpenses": 482000000, "otherExpenses": 2667000000, "operatingExpenses": 3428000000, "costAndExpenses": 18324000000, "interestExpense": 71000000, "depreciationAndAmortization": 287000000, "ebitda": 263000000, "ebitdaratio": 0.013722216424919128, "operatingIncome": -24000000, "operatingIncomeRatio": -0.0012522174684336846, "totalOtherIncomeExpensesNet": -24000000, "incomeBeforeTax": 901000000, "incomeBeforeTaxRatio": 0.047010330794114576, "incomeTaxExpense": -247000000, "netIncome": 645000000, "netIncomeRatio": 0.03365334446415528, "eps": 1.52, "epsdiluted": 1.52, "weightedAverageShsOut": 423000000, "weightedAverageShsOutDil": 432000000, "link": "https://www.sec.gov/Archives/edgar/data/1018724/000119312509014406/0001193125-09-014406-index.htm", "finalLink": "https://www.sec.gov/Archives/edgar/data/1018724/000119312509014406/d10k.htm"}, "2007": {"date": "2007-12-31", "symbol": "AMZN", "fillingDate": "2008-02-11", "acceptedDate": "2008-02-08 21:43:32", "period": "FY", "revenue": 14835000000, "costOfRevenue": 11482000000, "grossProfit": 3353000000, "grossProfitRatio": 0.2260195483653522, "researchAndDevelopmentExpenses": 0.0, "generalAndAdministrativeExpenses": 235000000, "sellingAndMarketingExpenses": 344000000, "otherExpenses": 2119000000, "operatingExpenses": 2698000000, "costAndExpenses": 14180000000, "interestExpense": 77000000, "depreciationAndAmortization": 246000000, "ebitda": 901000000, "ebitdaratio": 0.060734748904617455, "operatingIncome": 655000000, "operatingIncomeRatio": 0.044152342433434445, "totalOtherIncomeExpensesNet": -1000000.0, "incomeBeforeTax": 660000000, "incomeBeforeTaxRatio": 0.044489383215369056, "incomeTaxExpense": 184000000, "netIncome": 476000000, "netIncomeRatio": 0.03208628244017526, "eps": 1.15, "epsdiluted": 1.15, "weightedAverageShsOut": 413000000, "weightedAverageShsOutDil": 424000000, "link": "https://www.sec.gov/Archives/edgar/data/1018724/000119312508024707/0001193125-08-024707-index.htm", "finalLink": "https://www.sec.gov/Archives/edgar/data/1018724/000119312508024707/d10k.htm"}, "2006": {"date": "2006-12-31", "symbol": "AMZN", "fillingDate": "2007-02-16", "acceptedDate": "2007-02-16 16:14:12", "period": "FY", "revenue": 10711000000, "costOfRevenue": 8255000000, "grossProfit": 2456000000, "grossProfitRatio": 0.22929698440855195, "researchAndDevelopmentExpenses": 0.0, "generalAndAdministrativeExpenses": 195000000, "sellingAndMarketingExpenses": 263000000, "otherExpenses": 1609000000, "operatingExpenses": 2067000000, "costAndExpenses": 10322000000, "interestExpense": 78000000, "depreciationAndAmortization": 205000000, "ebitda": 215000000, "ebitdaratio": 0.02007282233218187, "operatingIncome": 10000000, "operatingIncomeRatio": 0.0009336196433572963, "totalOtherIncomeExpensesNet": 10000000, "incomeBeforeTax": 377000000, "incomeBeforeTaxRatio": 0.03519746055457007, "incomeTaxExpense": 187000000, "netIncome": 190000000, "netIncomeRatio": 0.01773877322378863, "eps": 0.46, "epsdiluted": 0.46, "weightedAverageShsOut": 416000000, "weightedAverageShsOutDil": 424000000, "link": "https://www.sec.gov/Archives/edgar/data/1018724/000119312507034081/0001193125-07-034081-index.htm", "finalLink": "https://www.sec.gov/Archives/edgar/data/1018724/000119312507034081/d10k.htm"}, "2005": {"date": "2005-12-31", "symbol": "AMZN", "fillingDate": "2006-02-17", "acceptedDate": "2006-02-17 08:52:50", "period": "FY", "revenue": 8490000000, "costOfRevenue": 6451000000, "grossProfit": 2039000000, "grossProfitRatio": 0.24016489988221437, "researchAndDevelopmentExpenses": 0.0, "generalAndAdministrativeExpenses": 166000000, "sellingAndMarketingExpenses": 198000000, "otherExpenses": 1243000000, "operatingExpenses": 1607000000, "costAndExpenses": 8058000000, "interestExpense": 92000000, "depreciationAndAmortization": 121000000, "ebitda": 168000000, "ebitdaratio": 0.019787985865724382, "operatingIncome": 47000000, "operatingIncomeRatio": 0.005535924617196702, "totalOtherIncomeExpensesNet": 47000000, "incomeBeforeTax": 428000000, "incomeBeforeTaxRatio": 0.05041224970553593, "incomeTaxExpense": 95000000, "netIncome": 359000000, "netIncomeRatio": 0.04228504122497055, "eps": 0.81, "epsdiluted": 0.81, "weightedAverageShsOut": 412000000, "weightedAverageShsOutDil": 426000000, "link": "https://www.sec.gov/Archives/edgar/data/1018724/000119312506034166/0001193125-06-034166-index.htm", "finalLink": "https://www.sec.gov/Archives/edgar/data/1018724/000119312506034166/d10k.htm"}, "2004": {"date": "2004-12-31", "symbol": "AMZN", "fillingDate": "2005-03-11", "acceptedDate": "2005-03-11 06:20:27", "period": "FY", "revenue": 6921124000, "costOfRevenue": 5319127000, "grossProfit": 1601997000, "grossProfitRatio": 0.23146486033193453, "researchAndDevelopmentExpenses": 0.0, "generalAndAdministrativeExpenses": 112220000, "sellingAndMarketingExpenses": 158022000, "otherExpenses": 891330000, "operatingExpenses": 1161572000, "costAndExpenses": 6480699000, "interestExpense": 107227000, "depreciationAndAmortization": 75724000, "ebitda": 67760000, "ebitdaratio": 0.009790317295283252, "operatingIncome": -7964000.0, "operatingIncomeRatio": -0.0011506801496404342, "totalOtherIncomeExpensesNet": -7964000.0, "incomeBeforeTax": 355870000, "incomeBeforeTaxRatio": 0.051417948876511965, "incomeTaxExpense": -232581000, "netIncome": 588451000, "netIncomeRatio": 0.08502246166952072, "eps": 1.45, "epsdiluted": 1.45, "weightedAverageShsOut": 405926000, "weightedAverageShsOutDil": 424757000, "link": "https://www.sec.gov/Archives/edgar/data/1018724/000119312505047032/0001193125-05-047032-index.htm", "finalLink": "https://www.sec.gov/Archives/edgar/data/1018724/000119312505047032/d10k.htm"}, "2003": {"date": "2003-12-31", "symbol": "AMZN", "fillingDate": "2004-02-25", "acceptedDate": "2004-02-25 17:25:47", "period": "FY", "revenue": 5263699000, "costOfRevenue": 4006531000, "grossProfit": 1257168000, "grossProfitRatio": 0.23883736513049095, "researchAndDevelopmentExpenses": 0.0, "generalAndAdministrativeExpenses": 88302000, "sellingAndMarketingExpenses": 122787000, "otherExpenses": 775484000, "operatingExpenses": 986573000, "costAndExpenses": 4993104000, "interestExpense": 129979000, "depreciationAndAmortization": 75558000, "ebitda": 346153000, "ebitdaratio": 0.06576230897701407, "operatingIncome": 270595000, "operatingIncomeRatio": 0.051407764767704235, "totalOtherIncomeExpensesNet": 2808000.0, "incomeBeforeTax": 35282000, "incomeBeforeTaxRatio": 0.00670289087578906, "incomeTaxExpense": 0.0, "netIncome": 35282000, "netIncomeRatio": 0.00670289087578906, "eps": 0.0, "epsdiluted": 0.0, "weightedAverageShsOut": 378720000, "weightedAverageShsOutDil": 378720000, "link": "https://www.sec.gov/Archives/edgar/data/1018724/000119312504029488/0001193125-04-029488-index.htm", "finalLink": "https://www.sec.gov/Archives/edgar/data/1018724/000119312504029488/d10k.htm"}, "2002": {"date": "2002-12-31", "symbol": "AMZN", "fillingDate": "2003-02-19", "acceptedDate": "2003-02-19 08:03:25", "period": "FY", "revenue": 3932936000, "costOfRevenue": 2940318000, "grossProfit": 992618000, "grossProfitRatio": 0.25238600373868275, "researchAndDevelopmentExpenses": 0.0, "generalAndAdministrativeExpenses": 79049000, "sellingAndMarketingExpenses": 125383000, "otherExpenses": 724062000, "operatingExpenses": 928494000, "costAndExpenses": 3868812000, "interestExpense": 142925000, "depreciationAndAmortization": 82274000, "ebitda": 146398000, "ebitdaratio": 0.03722359072204582, "operatingIncome": 64124000, "operatingIncomeRatio": 0.016304358880998827, "totalOtherIncomeExpensesNet": 5623000.0, "incomeBeforeTax": -149132000, "incomeBeforeTaxRatio": -0.03791874569024261, "incomeTaxExpense": 0.0, "netIncome": -149132000, "netIncomeRatio": -0.03791874569024261, "eps": -0.4, "epsdiluted": -0.4, "weightedAverageShsOut": 378363000, "weightedAverageShsOutDil": 378363000, "link": "https://www.sec.gov/Archives/edgar/data/1018724/000095014903000355/0000950149-03-000355-index.htm", "finalLink": "https://www.sec.gov/Archives/edgar/data/1018724/000095014903000355/v87419ore10vk.htm"}, "2001": {"date": "2001-12-31", "symbol": "AMZN", "fillingDate": "2002-01-24", "acceptedDate": "2002-01-24 00:00:00", "period": "FY", "revenue": 3122433000, "costOfRevenue": 2323875000, "grossProfit": 798558000, "grossProfitRatio": 0.25574864216461973, "researchAndDevelopmentExpenses": 0.0, "generalAndAdministrativeExpenses": 89862000, "sellingAndMarketingExpenses": 138283000, "otherExpenses": 982670000, "operatingExpenses": 1210815000, "costAndExpenses": 3534690000, "interestExpense": 139232000, "depreciationAndAmortization": 84709000, "ebitda": -327548000, "ebitdaratio": -0.10490153031306036, "operatingIncome": -412257000, "operatingIncomeRatio": -0.13203069529434258, "totalOtherIncomeExpensesNet": -1900000.0, "incomeBeforeTax": -567277000, "incomeBeforeTaxRatio": -0.18167787747567363, "incomeTaxExpense": 0.0, "netIncome": -567277000, "netIncomeRatio": -0.18167787747567363, "eps": -1.53, "epsdiluted": -1.53, "weightedAverageShsOut": 364211000, "weightedAverageShsOutDil": 364211000, "link": "https://www.sec.gov/Archives/edgar/data/1018724/000103221002000059/0001032210-02-000059-index.htm", "finalLink": "https://www.sec.gov/Archives/edgar/data/1018724/000103221002000059/d10k405.htm"}}}