{"symbol": "FB", "price": 228.58, "beta": "1.062394", "volAvg": "25988617", "mktCap": "6.5124729E11", "lastDiv": "0", "range": "137.1-241.21", "changes": 4.15, "changesPercentage": "(+1.85%)", "companyName": "Facebook Inc.", "exchange": "Nasdaq Global Select", "exchangeShortName": "NASDAQ", "industry": "Online Media", "website": "http://www.facebook.com", "description": "Facebook Inc is the world's largest online social network. Its products are Facebook, Instagram, Messenger, WhatsApp, and Oculus. Its products enable people to connect and share through mobile devices and personal computers.", "ceo": "Mark Zuckerberg", "sector": "Technology", "image": "https://financialmodelingprep.com/images-New-jpg/FB.jpg", "income_statement": {"2019": {"date": "2019-12-31", "symbol": "FB", "fillingDate": "2020-01-30", "acceptedDate": "2020-01-29 21:12:14", "period": "FY", "revenue": 70697000000, "costOfRevenue": 12770000000, "grossProfit": 57927000000, "grossProfitRatio": 0.819369987411, "researchAndDevelopmentExpenses": 13600000000, "generalAndAdministrativeExpenses": 10465000000, "sellingAndMarketingExpenses": 9876000000, "otherExpenses": 9295000000, "operatingExpenses": 43236000000, "costAndExpenses": 46711000000, "interestExpense": 20000000, "depreciationAndAmortization": 5741000000, "ebitda": 29727000000, "ebitdaratio": 0.420484603307, "operatingIncome": 23986000000, "operatingIncomeRatio": 0.339278894437, "totalOtherIncomeExpensesNet": 826000000, "incomeBeforeTax": 24812000000, "incomeBeforeTaxRatio": 0.350962558524, "incomeTaxExpense": 6327000000, "netIncome": 18485000000, "netIncomeRatio": 0.261467954793, "eps": 6.48, "epsdiluted": 6.43, "weightedAverageShsOut": 2876000000, "weightedAverageShsOutDil": 2876000000, "link": "https://www.sec.gov/Archives/edgar/data/1326801/000132680120000013/0001326801-20-000013-index.htm", "finalLink": "https://www.sec.gov/Archives/edgar/data/1326801/000132680120000013/fb-12312019x10k.htm"}, "2018": {"date": "2018-12-31", "symbol": "FB", "fillingDate": "2019-01-31", "acceptedDate": "2019-01-31 16:58:29", "period": "FY", "revenue": 55838000000, "costOfRevenue": 9355000000, "grossProfit": 46483000000, "grossProfitRatio": 0.83246176439, "researchAndDevelopmentExpenses": 10273000000, "generalAndAdministrativeExpenses": 3451000000, "sellingAndMarketingExpenses": 7846000000, "otherExpenses": 8020000000, "operatingExpenses": 29590000000, "costAndExpenses": 30925000000, "interestExpense": 9000000.0, "depreciationAndAmortization": 4315000000, "ebitda": 29228000000, "ebitdaratio": 0.52344281672, "operatingIncome": 24913000000, "operatingIncomeRatio": 0.446165693614, "totalOtherIncomeExpensesNet": 448000000, "incomeBeforeTax": 25361000000, "incomeBeforeTaxRatio": 0.454188903614, "incomeTaxExpense": 3249000000, "netIncome": 22112000000, "netIncomeRatio": 0.396002722161, "eps": 7.65, "epsdiluted": 7.57, "weightedAverageShsOut": 2921000000, "weightedAverageShsOutDil": 2921000000, "link": "https://www.sec.gov/Archives/edgar/data/1326801/000132680119000009/0001326801-19-000009-index.htm", "finalLink": "https://www.sec.gov/Archives/edgar/data/1326801/000132680119000009/fb-12312018x10k.htm"}, "2017": {"date": "2017-12-31", "symbol": "FB", "fillingDate": "2018-02-01", "acceptedDate": "2018-02-01 16:58:26", "period": "FY", "revenue": 40653000000, "costOfRevenue": 5454000000, "grossProfit": 35199000000, "grossProfitRatio": 0.865840159398, "researchAndDevelopmentExpenses": 7754000000, "generalAndAdministrativeExpenses": 2517000000, "sellingAndMarketingExpenses": 4725000000, "otherExpenses": 7268000000, "operatingExpenses": 22264000000, "costAndExpenses": 20450000000, "interestExpense": 6000000.0, "depreciationAndAmortization": 3025000000, "ebitda": 23228000000, "ebitdaratio": 0.571372346444, "operatingIncome": 20203000000, "operatingIncomeRatio": 0.496962093818, "totalOtherIncomeExpensesNet": 391000000, "incomeBeforeTax": 20594000000, "incomeBeforeTaxRatio": 0.506580080191, "incomeTaxExpense": 4660000000, "netIncome": 15934000000, "netIncomeRatio": 0.391951393501, "eps": 5.49, "epsdiluted": 5.39, "weightedAverageShsOut": 2956000000, "weightedAverageShsOutDil": 2956000000, "link": "https://www.sec.gov/Archives/edgar/data/1326801/000132680118000009/0001326801-18-000009-index.htm", "finalLink": "https://www.sec.gov/Archives/edgar/data/1326801/000132680118000009/fb-12312017x10k.htm"}, "2016": {"date": "2016-12-31", "symbol": "FB", "fillingDate": "2017-02-03", "acceptedDate": "2017-02-02 21:13:52", "period": "FY", "revenue": 27638000000, "costOfRevenue": 3789000000, "grossProfit": 23849000000, "grossProfitRatio": 0.862906143715, "researchAndDevelopmentExpenses": 5919000000, "generalAndAdministrativeExpenses": 1731000000, "sellingAndMarketingExpenses": 3772000000, "otherExpenses": 6323000000, "operatingExpenses": 17745000000, "costAndExpenses": 15211000000, "interestExpense": 10000000, "depreciationAndAmortization": 2342000000, "ebitda": 14769000000, "ebitdaratio": 0.534372964759, "operatingIncome": 12427000000, "operatingIncomeRatio": 0.449634561112, "totalOtherIncomeExpensesNet": 91000000, "incomeBeforeTax": 12518000000, "incomeBeforeTaxRatio": 0.452927129315, "incomeTaxExpense": 2301000000, "netIncome": 10217000000, "netIncomeRatio": 0.369672190462, "eps": 3.56, "epsdiluted": 3.49, "weightedAverageShsOut": 2925000000, "weightedAverageShsOutDil": 2925000000, "link": "https://www.sec.gov/Archives/edgar/data/1326801/000132680117000007/0001326801-17-000007-index.htm", "finalLink": "https://www.sec.gov/Archives/edgar/data/1326801/000132680117000007/fb-12312016x10k.htm"}, "2015": {"date": "2015-12-31", "symbol": "FB", "fillingDate": "2016-01-28", "acceptedDate": "2016-01-28 16:17:07", "period": "FY", "revenue": 17928000000, "costOfRevenue": 2867000000, "grossProfit": 15061000000, "grossProfitRatio": 0.840082552432, "researchAndDevelopmentExpenses": 4816000000, "generalAndAdministrativeExpenses": 1295000000, "sellingAndMarketingExpenses": 2725000000, "otherExpenses": 5857000000, "operatingExpenses": 14693000000, "costAndExpenses": 11703000000, "interestExpense": 23000000, "depreciationAndAmortization": 1945000000, "ebitda": 8170000000, "ebitdaratio": 0.455711735832, "operatingIncome": 6225000000, "operatingIncomeRatio": 0.347222222222, "totalOtherIncomeExpensesNet": -31000000, "incomeBeforeTax": 6194000000, "incomeBeforeTaxRatio": 0.345493083445, "incomeTaxExpense": 2506000000, "netIncome": 3688000000, "netIncomeRatio": 0.205711735832, "eps": 1.31, "epsdiluted": 1.29, "weightedAverageShsOut": 2853000000, "weightedAverageShsOutDil": 2853000000, "link": "https://www.sec.gov/Archives/edgar/data/1326801/000132680116000043/0001326801-16-000043-index.htm", "finalLink": "https://www.sec.gov/Archives/edgar/data/1326801/000132680116000043/fb-12312015x10k.htm"}, "2014": {"date": "2014-12-31", "symbol": "FB", "fillingDate": "2015-01-29", "acceptedDate": "2015-01-29 16:35:58", "period": "FY", "revenue": 12466000000, "costOfRevenue": 2153000000, "grossProfit": 10313000000, "grossProfitRatio": 0.827290229424, "researchAndDevelopmentExpenses": 2666000000, "generalAndAdministrativeExpenses": 973000000, "sellingAndMarketingExpenses": 1680000000, "otherExpenses": 3612000000, "operatingExpenses": 8931000000, "costAndExpenses": 7472000000, "interestExpense": 23000000, "depreciationAndAmortization": 1243000000, "ebitda": 6237000000, "ebitdaratio": 0.500320872774, "operatingIncome": 4994000000, "operatingIncomeRatio": 0.40060965827, "totalOtherIncomeExpensesNet": -84000000, "incomeBeforeTax": 4910000000, "incomeBeforeTaxRatio": 0.393871330018, "incomeTaxExpense": 1970000000, "netIncome": 2940000000, "netIncomeRatio": 0.23584148885, "eps": 1.12, "epsdiluted": 1.1, "weightedAverageShsOut": 2664000000, "weightedAverageShsOutDil": 2664000000, "link": "https://www.sec.gov/Archives/edgar/data/1326801/000132680115000006/0001326801-15-000006-index.htm", "finalLink": "https://www.sec.gov/Archives/edgar/data/1326801/000132680115000006/fb-12312014x10k.htm"}, "2013": {"date": "2013-12-31", "symbol": "FB", "fillingDate": "2014-01-31", "acceptedDate": "2014-01-31 16:10:34", "period": "FY", "revenue": 7872000000, "costOfRevenue": 1875000000, "grossProfit": 5997000000, "grossProfitRatio": 0.76181402439, "researchAndDevelopmentExpenses": 1415000000, "generalAndAdministrativeExpenses": 781000000, "sellingAndMarketingExpenses": 997000000, "otherExpenses": 1770000000, "operatingExpenses": 4963000000, "costAndExpenses": 5068000000, "interestExpense": 56000000, "depreciationAndAmortization": 1011000000, "ebitda": 3815000000, "ebitdaratio": 0.484629065041, "operatingIncome": 2804000000, "operatingIncomeRatio": 0.356199186992, "totalOtherIncomeExpensesNet": 6000000.0, "incomeBeforeTax": 2754000000, "incomeBeforeTaxRatio": 0.349847560976, "incomeTaxExpense": 1254000000, "netIncome": 1500000000, "netIncomeRatio": 0.190548780488, "eps": 0.62, "epsdiluted": 0.6, "weightedAverageShsOut": 2517000000, "weightedAverageShsOutDil": 2517000000, "link": "https://www.sec.gov/Archives/edgar/data/1326801/000132680114000007/0001326801-14-000007-index.htm", "finalLink": "https://www.sec.gov/Archives/edgar/data/1326801/000132680114000007/fb-12312013x10k.htm"}, "2012": {"date": "2012-12-31", "symbol": "FB", "fillingDate": "2013-02-01", "acceptedDate": "2013-02-01 16:43:01", "period": "FY", "revenue": 5089000000, "costOfRevenue": 1364000000, "grossProfit": 3725000000, "grossProfitRatio": 0.731970917666, "researchAndDevelopmentExpenses": 1399000000, "generalAndAdministrativeExpenses": 892000000, "sellingAndMarketingExpenses": 896000000, "otherExpenses": 3056000000, "operatingExpenses": 6243000000, "costAndExpenses": 4551000000, "interestExpense": 51000000, "depreciationAndAmortization": 649000000, "ebitda": 1187000000, "ebitdaratio": 0.233248182354, "operatingIncome": 538000000, "operatingIncomeRatio": 0.105718215759, "totalOtherIncomeExpensesNet": 7000000.0, "incomeBeforeTax": 494000000, "incomeBeforeTaxRatio": 0.0970721163293, "incomeTaxExpense": 441000000, "netIncome": 53000000, "netIncomeRatio": 0.0104146197681, "eps": 0.02, "epsdiluted": 0.01, "weightedAverageShsOut": 2166000000, "weightedAverageShsOutDil": 2166000000, "link": "https://www.sec.gov/Archives/edgar/data/1326801/000132680113000003/0001326801-13-000003-index.htm", "finalLink": "https://www.sec.gov/Archives/edgar/data/1326801/000132680113000003/fb-12312012x10k.htm"}}}