{"symbol": "NFLX", "price": 418.07, "beta": "1.301854", "volAvg": "8513639", "mktCap": "1.83868867E11", "lastDiv": "0", "range": "252.28-458.97", "changes": -7.49, "changesPercentage": "(-1.76%)", "companyName": "Netflix Inc.", "exchange": "Nasdaq Global Select", "exchangeShortName": "NASDAQ", "industry": "Communication Services", "website": "http://www.netflix.com", "description": "Netflix Inc provides multimedia content through the internet. It provides a subscription based platform for television shows, movies and original series.", "ceo": "Reed Hastings", "sector": "Communication Services", "image": "https://financialmodelingprep.com/images-New-jpg/NFLX.jpg", "income_statement": {"2019": {"date": "2019-12-31", "symbol": "NFLX", "fillingDate": "2020-01-29", "acceptedDate": "2020-01-29 16:03:25", "period": "FY", "revenue": 20156447000, "costOfRevenue": 12440213000, "grossProfit": 7716234000, "grossProfitRatio": 0.382817170109, "researchAndDevelopmentExpenses": 1673000000, "generalAndAdministrativeExpenses": 914369000, "sellingAndMarketingExpenses": 2652462000, "otherExpenses": 84000000, "operatingExpenses": 2587369000, "costAndExpenses": 15027582000, "interestExpense": 626023000, "depreciationAndAmortization": 9319826000, "ebitda": 11924080000, "ebitdaratio": 0.591576481708, "operatingIncome": 2604254000, "operatingIncomeRatio": 0.12920203645, "totalOtherIncomeExpensesNet": 84000000, "incomeBeforeTax": 2062231000, "incomeBeforeTaxRatio": 0.102311235705, "incomeTaxExpense": 195315000, "netIncome": 1866916000, "netIncomeRatio": 0.0926212838999, "eps": 4.26, "epsdiluted": 4.13, "weightedAverageShsOut": 437799000, "weightedAverageShsOutDil": 451765000, "link": "https://www.sec.gov/Archives/edgar/data/1065280/000106528020000040/0001065280-20-000040-index.htm", "finalLink": "https://www.sec.gov/Archives/edgar/data/1065280/000106528020000040/form10kq419.htm"}, "2018": {"date": "2018-12-31", "symbol": "NFLX", "fillingDate": "2019-01-29", "acceptedDate": "2019-01-29 17:12:16", "period": "FY", "revenue": 15794341000, "costOfRevenue": 9967538000, "grossProfit": 5826803000, "grossProfitRatio": 0.368917133042, "researchAndDevelopmentExpenses": 1210000000, "generalAndAdministrativeExpenses": 630294000, "sellingAndMarketingExpenses": 2369469000, "otherExpenses": 41725000, "operatingExpenses": 1840294000, "costAndExpenses": 11807832000, "interestExpense": 420493000, "depreciationAndAmortization": 7656457000, "ebitda": 9261683000, "ebitdaratio": 0.586392493362, "operatingIncome": 1605226000, "operatingIncomeRatio": 0.101632983611, "totalOtherIncomeExpensesNet": 41725000, "incomeBeforeTax": 1226458000, "incomeBeforeTaxRatio": 0.0776517361503, "incomeTaxExpense": 15216000, "netIncome": 1211242000, "netIncomeRatio": 0.076688353126, "eps": 2.78, "epsdiluted": 2.68, "weightedAverageShsOut": 435374000, "weightedAverageShsOutDil": 451244000, "link": "https://www.sec.gov/Archives/edgar/data/1065280/000106528019000043/0001065280-19-000043-index.htm", "finalLink": "https://www.sec.gov/Archives/edgar/data/1065280/000106528019000043/form10k_q418.htm"}, "2017": {"date": "2017-12-31", "symbol": "NFLX", "fillingDate": "2018-01-29", "acceptedDate": "2018-01-29 17:29:30", "period": "FY", "revenue": 11692713000, "costOfRevenue": 7659666000, "grossProfit": 4033047000, "grossProfitRatio": 0.344919694856, "researchAndDevelopmentExpenses": 981300000, "generalAndAdministrativeExpenses": 863568000, "sellingAndMarketingExpenses": 1278022000, "otherExpenses": -115154000, "operatingExpenses": 1844868000, "costAndExpenses": 9504534000, "interestExpense": 238204000, "depreciationAndAmortization": 6330385000, "ebitda": 7169064000, "ebitdaratio": 0.613122378014, "operatingIncome": 838679000, "operatingIncomeRatio": 0.0717266386338, "totalOtherIncomeExpensesNet": -115154000, "incomeBeforeTax": 485321000, "incomeBeforeTaxRatio": 0.041506278312, "incomeTaxExpense": -73608000, "netIncome": 558929000, "netIncomeRatio": 0.0478014811447, "eps": 1.29, "epsdiluted": 1.25, "weightedAverageShsOut": 431885000, "weightedAverageShsOutDil": 446814000, "link": "https://www.sec.gov/Archives/edgar/data/1065280/000106528018000069/0001065280-18-000069-index.htm", "finalLink": "https://www.sec.gov/Archives/edgar/data/1065280/000106528018000069/q4nflx201710k.htm"}, "2016": {"date": "2016-12-31", "symbol": "NFLX", "fillingDate": "2017-01-27", "acceptedDate": "2017-01-27 15:44:46", "period": "FY", "revenue": 8830669000, "costOfRevenue": 6029901000, "grossProfit": 2800768000, "grossProfitRatio": 0.317163739237, "researchAndDevelopmentExpenses": 768300000, "generalAndAdministrativeExpenses": 577799000, "sellingAndMarketingExpenses": 991078000, "otherExpenses": 30828000, "operatingExpenses": 1346099000, "costAndExpenses": 7376000000, "interestExpense": 150114000, "depreciationAndAmortization": 4924978000, "ebitda": 5304771000, "ebitdaratio": 0.600721304354, "operatingIncome": 379793000, "operatingIncomeRatio": 0.0430084062714, "totalOtherIncomeExpensesNet": 30828000, "incomeBeforeTax": 260507000, "incomeBeforeTaxRatio": 0.0295002564358, "incomeTaxExpense": 73829000, "netIncome": 186678000, "netIncomeRatio": 0.0211397347132, "eps": 0.44, "epsdiluted": 0.43, "weightedAverageShsOut": 428822000, "weightedAverageShsOutDil": 438652000, "link": "https://www.sec.gov/Archives/edgar/data/1065280/000162828017000496/0001628280-17-000496-index.htm", "finalLink": "https://www.sec.gov/Archives/edgar/data/1065280/000162828017000496/nflx201610k.htm"}, "2015": {"date": "2015-12-31", "symbol": "NFLX", "fillingDate": "2016-01-28", "acceptedDate": "2016-01-28 14:55:13", "period": "FY", "revenue": 6779511000, "costOfRevenue": 4591476000, "grossProfit": 2188035000, "grossProfitRatio": 0.32274230398, "researchAndDevelopmentExpenses": 650788000, "generalAndAdministrativeExpenses": 407329000, "sellingAndMarketingExpenses": 824092000, "otherExpenses": -31225000, "operatingExpenses": 1058117000, "costAndExpenses": 5649593000, "interestExpense": 132716000, "depreciationAndAmortization": 3547045000, "ebitda": 3852871000, "ebitdaratio": 0.568311047803, "operatingIncome": 305826000, "operatingIncomeRatio": 0.0451103331789, "totalOtherIncomeExpensesNet": -31225000, "incomeBeforeTax": 141885000, "incomeBeforeTaxRatio": 0.0209285005954, "incomeTaxExpense": 19244000, "netIncome": 122641000, "netIncomeRatio": 0.0180899477853, "eps": 0.29, "epsdiluted": 0.28, "weightedAverageShsOut": 425889000, "weightedAverageShsOutDil": 436456000, "link": "https://www.sec.gov/Archives/edgar/data/1065280/000106528016000047/0001065280-16-000047-index.htm", "finalLink": "https://www.sec.gov/Archives/edgar/data/1065280/000106528016000047/nflx201510k.htm"}, "2014": {"date": "2014-12-31", "symbol": "NFLX", "fillingDate": "2015-01-29", "acceptedDate": "2015-01-29 13:55:40", "period": "FY", "revenue": 5504656000, "costOfRevenue": 3752760000, "grossProfit": 1751896000, "grossProfitRatio": 0.318257126331, "researchAndDevelopmentExpenses": 472321000, "generalAndAdministrativeExpenses": 269741000, "sellingAndMarketingExpenses": 607186000, "otherExpenses": -3060000, "operatingExpenses": 742062000, "costAndExpenses": 4494822000, "interestExpense": 50219000, "depreciationAndAmortization": 2781798000, "ebitda": 3184446000, "ebitdaratio": 0.578500454888, "operatingIncome": 402648000, "operatingIncomeRatio": 0.0731468051773, "totalOtherIncomeExpensesNet": -3060000, "incomeBeforeTax": 349369000, "incomeBeforeTaxRatio": 0.0634679078947, "incomeTaxExpense": 82570000, "netIncome": 266799000, "netIncomeRatio": 0.0484678788284, "eps": 4.44, "epsdiluted": 4.32, "weightedAverageShsOut": 60078000, "weightedAverageShsOutDil": 61699000, "link": "https://www.sec.gov/Archives/edgar/data/1065280/000106528015000006/0001065280-15-000006-index.htm", "finalLink": "https://www.sec.gov/Archives/edgar/data/1065280/000106528015000006/nflx201410k.htm"}, "2013": {"date": "2013-12-31", "symbol": "NFLX", "fillingDate": "2014-02-03", "acceptedDate": "2014-01-31 19:14:52", "period": "FY", "revenue": 4374562000, "costOfRevenue": 3083256000, "grossProfit": 1291306000, "grossProfitRatio": 0.295185209399, "researchAndDevelopmentExpenses": 378769000, "generalAndAdministrativeExpenses": 180301000, "sellingAndMarketingExpenses": 503889000, "otherExpenses": -3002000, "operatingExpenses": 559070000, "costAndExpenses": 3642326000, "interestExpense": 29142000, "depreciationAndAmortization": 2241680000, "ebitda": 2470027000, "ebitdaratio": 0.564634127942, "operatingIncome": 228347000, "operatingIncomeRatio": 0.0521988258482, "totalOtherIncomeExpensesNet": -3002000, "incomeBeforeTax": 171074000, "incomeBeforeTaxRatio": 0.0391065436951, "incomeTaxExpense": 58671000, "netIncome": 112403000, "netIncomeRatio": 0.0256946866909, "eps": 1.93, "epsdiluted": 1.85, "weightedAverageShsOut": 58198000, "weightedAverageShsOutDil": 60761000, "link": "https://www.sec.gov/Archives/edgar/data/1065280/000106528014000006/0001065280-14-000006-index.htm", "finalLink": "https://www.sec.gov/Archives/edgar/data/1065280/000106528014000006/nflx10k2013.htm"}, "2012": {"date": "2012-12-31", "symbol": "NFLX", "fillingDate": "2013-02-01", "acceptedDate": "2013-01-31 21:43:16", "period": "FY", "revenue": 3609282000, "costOfRevenue": 2625866000, "grossProfit": 983416000, "grossProfitRatio": 0.272468596247, "researchAndDevelopmentExpenses": 329008000, "generalAndAdministrativeExpenses": 119687000, "sellingAndMarketingExpenses": 484729000, "otherExpenses": 474000, "operatingExpenses": 448695000, "costAndExpenses": 3074561000, "interestExpense": 19986000, "depreciationAndAmortization": 1702083000, "ebitda": 1752075000, "ebitdaratio": 0.485435884478, "operatingIncome": 49992000, "operatingIncomeRatio": 0.0138509542895, "totalOtherIncomeExpensesNet": -19512000, "incomeBeforeTax": 30480000, "incomeBeforeTaxRatio": 0.00844489291776, "incomeTaxExpense": 13328000, "netIncome": 17152000, "netIncomeRatio": 0.00475219171015, "eps": 0.31, "epsdiluted": 0.29, "weightedAverageShsOut": 55521000, "weightedAverageShsOutDil": 58904000, "link": "https://www.sec.gov/Archives/edgar/data/1065280/000106528013000008/0001065280-13-000008-index.htm", "finalLink": "https://www.sec.gov/Archives/edgar/data/1065280/000106528013000008/nflx1231201210kdoc.htm"}, "2011": {"date": "2011-12-31", "symbol": "NFLX", "fillingDate": "2012-02-10", "acceptedDate": "2012-02-10 17:29:24", "period": "FY", "revenue": 3204577000, "costOfRevenue": 2039901000, "grossProfit": 1164676000, "grossProfitRatio": 0.363441415201, "researchAndDevelopmentExpenses": 259033000, "generalAndAdministrativeExpenses": 117937000, "sellingAndMarketingExpenses": 402638000, "otherExpenses": 411638000, "operatingExpenses": 788608000, "costAndExpenses": 2828509000, "interestExpense": 20025000, "depreciationAndAmortization": 839619000, "ebitda": 1215687000, "ebitdaratio": 0.379359584744, "operatingIncome": 376068000, "operatingIncomeRatio": 0.117353397968, "totalOtherIncomeExpensesNet": 3479000, "incomeBeforeTax": 359522000, "incomeBeforeTaxRatio": 0.112190158015, "incomeTaxExpense": 133396000, "netIncome": 226126000, "netIncomeRatio": 0.0705634472194, "eps": 4.28, "epsdiluted": 4.16, "weightedAverageShsOut": 52847000, "weightedAverageShsOutDil": 54369000, "link": "https://www.sec.gov/Archives/edgar/data/1065280/000119312512053009/0001193125-12-053009-index.htm", "finalLink": "https://www.sec.gov/Archives/edgar/data/1065280/000119312512053009/d260328d10k.htm"}, "2010": {"date": "2010-12-31", "symbol": "NFLX", "fillingDate": "2011-02-18", "acceptedDate": "2011-02-18 14:42:40", "period": "FY", "revenue": 2162625000, "costOfRevenue": 1357355000, "grossProfit": 805270000, "grossProfitRatio": 0.372357667187, "researchAndDevelopmentExpenses": 163329000, "generalAndAdministrativeExpenses": 70555000, "sellingAndMarketingExpenses": 293839000, "otherExpenses": 287745000, "operatingExpenses": 521629000, "costAndExpenses": 1878984000, "interestExpense": 19629000, "depreciationAndAmortization": 338350000, "ebitda": 621991000, "ebitdaratio": 0.28760927114, "operatingIncome": 283641000, "operatingIncomeRatio": 0.131155886943, "totalOtherIncomeExpensesNet": 3684000, "incomeBeforeTax": 267696000, "incomeBeforeTaxRatio": 0.123782902722, "incomeTaxExpense": 106843000, "netIncome": 160853000, "netIncomeRatio": 0.0743785908329, "eps": 3.06, "epsdiluted": 2.96, "weightedAverageShsOut": 52529000, "weightedAverageShsOutDil": 54304000, "link": "https://www.sec.gov/Archives/edgar/data/1065280/000119312511040217/0001193125-11-040217-index.htm", "finalLink": "https://www.sec.gov/Archives/edgar/data/1065280/000119312511040217/d10k.htm"}, "2009": {"date": "2009-12-31", "symbol": "NFLX", "fillingDate": "2010-02-22", "acceptedDate": "2010-02-22 14:09:32", "period": "FY", "revenue": 1079271000, "costOfRevenue": 1079271000, "grossProfit": 590998000, "grossProfitRatio": 0.5475899936160612, "researchAndDevelopmentExpenses": 0, "generalAndAdministrativeExpenses": 51333000, "sellingAndMarketingExpenses": 237744000, "otherExpenses": 109982000, "operatingExpenses": 399059000, "costAndExpenses": 1478330000, "interestExpense": 6475000, "depreciationAndAmortization": 38044000, "ebitda": 229983000, "ebitdaratio": 0.21309105868683584, "operatingIncome": 191939000, "operatingIncomeRatio": 0.17784133920025647, "totalOtherIncomeExpensesNet": 6728000, "incomeBeforeTax": 192192000, "incomeBeforeTaxRatio": 0.1780757566913222, "incomeTaxExpense": 76332000, "netIncome": 115860000, "netIncomeRatio": 0.1073502391892305, "eps": 2.05, "epsdiluted": 1.98, "weightedAverageShsOut": 56560000, "weightedAverageShsOutDil": 58416000, "link": "https://www.sec.gov/Archives/edgar/data/1065280/000119312510036181/0001193125-10-036181-index.htm", "finalLink": "https://www.sec.gov/Archives/edgar/data/1065280/000119312510036181/d10k.htm"}, "2008": {"date": "2008-12-31", "symbol": "NFLX", "fillingDate": "2009-02-25", "acceptedDate": "2009-02-25 16:22:45", "period": "FY", "revenue": 910234000, "costOfRevenue": 910234000, "grossProfit": 454427000, "grossProfitRatio": 0.49924195316808645, "researchAndDevelopmentExpenses": 0, "generalAndAdministrativeExpenses": 49662000, "sellingAndMarketingExpenses": 199713000, "otherExpenses": 83546000, "operatingExpenses": 332921000, "costAndExpenses": 1243155000, "interestExpense": 2458000, "depreciationAndAmortization": 32454000, "ebitda": 153960000, "ebitdaratio": 0.16914331919044992, "operatingIncome": 121506000, "operatingIncomeRatio": 0.13348875124418555, "totalOtherIncomeExpensesNet": 12452000, "incomeBeforeTax": 131500000, "incomeBeforeTaxRatio": 0.14446834550236531, "incomeTaxExpense": 48474000, "netIncome": 83026000, "netIncomeRatio": 0.09121390763254283, "eps": 1.36, "epsdiluted": 1.32, "weightedAverageShsOut": 60961000, "weightedAverageShsOutDil": 62836000, "link": "https://www.sec.gov/Archives/edgar/data/1065280/000119312509037430/0001193125-09-037430-index.htm", "finalLink": "https://www.sec.gov/Archives/edgar/data/1065280/000119312509037430/d10k.htm"}, "2007": {"date": "2007-12-31", "symbol": "NFLX", "fillingDate": "2008-02-28", "acceptedDate": "2008-02-27 19:42:30", "period": "FY", "revenue": 786168000, "costOfRevenue": 786168000, "grossProfit": 419172000, "grossProfitRatio": 0.5331837469853772, "researchAndDevelopmentExpenses": 0, "generalAndAdministrativeExpenses": 52532000, "sellingAndMarketingExpenses": 218280000, "otherExpenses": 57199000, "operatingExpenses": 328011000, "costAndExpenses": 1114179000, "interestExpense": -20340000, "depreciationAndAmortization": 21394000, "ebitda": 112555000, "ebitdaratio": 0.1431691445085529, "operatingIncome": 91161000, "operatingIncomeRatio": 0.11595613151387489, "totalOtherIncomeExpensesNet": 20340000, "incomeBeforeTax": 111501000, "incomeBeforeTaxRatio": 0.14182846414506822, "incomeTaxExpense": 44549000, "netIncome": 66952000, "netIncomeRatio": 0.08516245891463402, "eps": 1, "epsdiluted": 0.97, "weightedAverageShsOut": 67076000, "weightedAverageShsOutDil": 68902000, "link": "https://www.sec.gov/Archives/edgar/data/1065280/000119312508040378/0001193125-08-040378-index.htm", "finalLink": "https://www.sec.gov/Archives/edgar/data/1065280/000119312508040378/d10k.htm"}, "2006": {"date": "2006-12-31", "symbol": "NFLX", "fillingDate": "2007-02-28", "acceptedDate": "2007-02-28 16:40:18", "period": "FY", "revenue": 626985000, "costOfRevenue": 626985000, "grossProfit": 369675000, "grossProfitRatio": 0.5896074068757626, "researchAndDevelopmentExpenses": 0, "generalAndAdministrativeExpenses": 36155000, "sellingAndMarketingExpenses": 225524000, "otherExpenses": 43582000, "operatingExpenses": 305261000, "costAndExpenses": 932246000, "interestExpense": 0, "depreciationAndAmortization": 15903000, "ebitda": 80317000, "ebitdaratio": 0.1281003532779891, "operatingIncome": 64414000, "operatingIncomeRatio": 0.10273611011427705, "totalOtherIncomeExpensesNet": 15904000, "incomeBeforeTax": 80318000, "incomeBeforeTaxRatio": 0.12810194821247717, "incomeTaxExpense": 31236000, "netIncome": 49082000, "netIncomeRatio": 0.07828257454325063, "eps": 0.78, "epsdiluted": 0.71, "weightedAverageShsOut": 62577000, "weightedAverageShsOutDil": 69075000, "link": "https://www.sec.gov/Archives/edgar/data/1065280/000119312507042689/0001193125-07-042689-index.htm", "finalLink": "https://www.sec.gov/Archives/edgar/data/1065280/000119312507042689/d10k.htm"}, "2005": {"date": "2005-12-31", "symbol": "NFLX", "fillingDate": "2006-03-16", "acceptedDate": "2006-03-16 16:01:50", "period": "FY", "revenue": 272243000, "costOfRevenue": 148360000, "grossProfit": 123883000, "grossProfitRatio": 0.4550456761055381, "researchAndDevelopmentExpenses": 0, "generalAndAdministrativeExpenses": 9585000, "sellingAndMarketingExpenses": 49949000, "otherExpenses": 59877000, "operatingExpenses": 119411000, "costAndExpenses": 267771000, "interestExpense": 417000, "depreciationAndAmortization": 9134000, "ebitda": 13606000, "ebitdaratio": 0.04997740988749022, "operatingIncome": 4472000, "operatingIncomeRatio": 0.016426501324184644, "totalOtherIncomeExpensesNet": 2457000, "incomeBeforeTax": 6512000, "incomeBeforeTaxRatio": 0.023919806937184793, "incomeTaxExpense": 0, "netIncome": 6512000, "netIncomeRatio": 0.023919806937184793, "eps": 0, "epsdiluted": 0, "weightedAverageShsOut": 53237000, "weightedAverageShsOutDil": 64928000, "link": "https://www.sec.gov/Archives/edgar/data/1065280/000119312506056663/0001193125-06-056663-index.htm", "finalLink": "https://www.sec.gov/Archives/edgar/data/1065280/000119312506056663/d10k.htm"}, "2004": {"date": "2004-12-31", "symbol": "NFLX", "fillingDate": "2005-03-15", "acceptedDate": "2005-03-15 16:49:49", "period": "FY", "revenue": 506228000, "costOfRevenue": 276458000, "grossProfit": 229770000, "grossProfitRatio": 0.4538863911123051, "researchAndDevelopmentExpenses": 0, "generalAndAdministrativeExpenses": 16287000, "sellingAndMarketingExpenses": 98027000, "otherExpenses": 96102000, "operatingExpenses": 210416000, "costAndExpenses": 486874000, "interestExpense": 170000, "depreciationAndAmortization": 5871000, "ebitda": 25225000, "ebitdaratio": 0.0498293259163855, "operatingIncome": 19354000, "operatingIncomeRatio": 0.03823178488744202, "totalOtherIncomeExpensesNet": 2592000, "incomeBeforeTax": 21776000, "incomeBeforeTaxRatio": 0.04301619033320954, "incomeTaxExpense": 181000, "netIncome": 21595000, "netIncomeRatio": 0.042658643931193056, "eps": 0.42, "epsdiluted": 0.33, "weightedAverageShsOut": 51988000, "weightedAverageShsOutDil": 64713000, "link": "https://www.sec.gov/Archives/edgar/data/1065280/000119312505051159/0001193125-05-051159-index.htm", "finalLink": "https://www.sec.gov/Archives/edgar/data/1065280/000119312505051159/d10k.htm"}, "2003": {"date": "2003-12-31", "symbol": "NFLX", "fillingDate": "2004-02-27", "acceptedDate": "2004-02-27 17:06:16", "period": "FY", "revenue": 272243000, "costOfRevenue": 148360000, "grossProfit": 123883000, "grossProfitRatio": 0.4550456761055381, "researchAndDevelopmentExpenses": 0, "generalAndAdministrativeExpenses": 9585000, "sellingAndMarketingExpenses": 49949000, "otherExpenses": 59877000, "operatingExpenses": 119411000, "costAndExpenses": 267771000, "interestExpense": 417000, "depreciationAndAmortization": 4720000, "ebitda": 9192000, "ebitdaratio": 0.03376395352681244, "operatingIncome": 4472000, "operatingIncomeRatio": 0.016426501324184644, "totalOtherIncomeExpensesNet": 2457000, "incomeBeforeTax": 6512000, "incomeBeforeTaxRatio": 0.023919806937184793, "incomeTaxExpense": 0, "netIncome": 6512000, "netIncomeRatio": 0.023919806937184793, "eps": 0.14, "epsdiluted": 0.1, "weightedAverageShsOut": 47786000, "weightedAverageShsOutDil": 62884000, "link": "https://www.sec.gov/Archives/edgar/data/1065280/000119312504031416/0001193125-04-031416-index.htm", "finalLink": "https://www.sec.gov/Archives/edgar/data/1065280/000119312504031416/d10k.htm"}, "2002": {"date": "2002-12-31", "symbol": "NFLX", "fillingDate": "2003-03-31", "acceptedDate": "2003-03-31 16:05:01", "period": "FY", "revenue": 152806000, "costOfRevenue": 78136000, "grossProfit": 74670000, "grossProfitRatio": 0.48865882229755375, "researchAndDevelopmentExpenses": 0, "generalAndAdministrativeExpenses": 6737000, "sellingAndMarketingExpenses": 35783000, "otherExpenses": 43822000, "operatingExpenses": 86342000, "costAndExpenses": 164478000, "interestExpense": 11972000, "depreciationAndAmortization": 5919000, "ebitda": -16028000, "ebitdaratio": -0.1048911691949269, "operatingIncome": -21947000, "operatingIncomeRatio": -0.14362655916652486, "totalOtherIncomeExpensesNet": 1697000, "incomeBeforeTax": -21947000, "incomeBeforeTaxRatio": -0.14362655916652486, "incomeTaxExpense": 0, "netIncome": -21947000, "netIncomeRatio": -0.14362655916652486, "eps": -1.56, "epsdiluted": -1.56, "weightedAverageShsOut": 14102000, "weightedAverageShsOutDil": 14102000, "link": "https://www.sec.gov/Archives/edgar/data/1065280/000095016803001155/0000950168-03-001155-index.htm", "finalLink": "https://www.sec.gov/Archives/edgar/data/1065280/000095016803001155/d10k.htm"}}}